% This file was created with JabRef 2.11.
% Encoding: UTF8


@InProceedings{Bellmann2009,
  Title                    = {{Interactive Simulations and advanced Visualization with Modelica}},
  Author                   = {Tobias Bellmann},
  Booktitle                = {$7^{\mathrm{th}}$ Int. Modelica Conference},
  Year                     = {2009},
  Address                  = {Como, Italy},
  Editor                   = {Francesco Casella},
  Month                    = sep,
  Doi                      = {10.3384/ecp09430056},
  Owner                    = {BTH},
  Timestamp                = {2016.11.02}
}

@InProceedings{Blochwitz2009,
  Title                    = {{Real-Time Simulation of Modelica-based Models}},
  Author                   = {Torsten Blochwitz AND Thomas Beutlich},
  Booktitle                = {$7^{\mathrm{th}}$ Int. Modelica Conference},
  Year                     = {2009},
  Address                  = {Como, Italy},
  Editor                   = {Francesco Casella},
  Month                    = sep,
  Comment                  = {http://www.ep.liu.se/ecp/043/043/ecp09430119.pdf},
  Doi                      = {10.3384/ecp09430119},
  Owner                    = {BTH},
  Timestamp                = {2016.11.02}
}

@InProceedings{Elmqvist2009,
  Title                    = {{Modelica for Embedded Systems}},
  Author                   = {Hilding Elmqvist AND Martin Otter AND Dan Henriksson AND Bernhard Thiele AND Sven Erik Mattsson},
  Booktitle                = {$7^{\mathrm{th}}$ Int. Modelica Conference},
  Year                     = {2009},
  Address                  = {Como, Italy},
  Editor                   = {Francesco Casella},
  Month                    = sep,
  Doi                      = {10.3384/ecp09430096},
  Keywords                 = {modelica},
  Owner                    = {BTH},
  Timestamp                = {2010.11.25}
}

@InProceedings{Hellerer2014,
  Title                    = {{The DLR Visualization Library - Recent development and applications}},
  Author                   = {Matthias Hellerer AND Tobias Bellmann AND Florian Schlegel},
  Booktitle                = {$10^{\mathrm{th}}$ Int. Modelica Conference},
  Year                     = {2014},
  Address                  = {Lund, Sweden},
  Editor                   = {Hubertus Tummescheit AND Karl-Erik Årzén},
  Month                    = mar,
  Comment                  = {http://www.ep.liu.se/ecp/096/094/ecp14096094.pdf},
  Doi                      = {10.3384/ecp14096899},
  Owner                    = {bellmann},
  Timestamp                = {2016.11.30}
}

@InProceedings{Huang2010,
  Title                    = {{LCM: Lightweight Communications and Marshalling}},
  Author                   = {Huang, Albert S. AND Olson, Edwin AND Moore, David C.},
  Booktitle                = {2010 IEEE/RSJ International Conference on Intelligent Robots and Systems (IROS 2010)},
  Year                     = {2010},
  Month                    = oct,
  Pages                    = {4057-4062},
  Doi                      = {10.1109/IROS.2010.5649358},
  ISSN                     = {2153-0858},
  Owner                    = {BTH},
  Timestamp                = {2016.12.16}
}

@InProceedings{Otter2012,
  Title                    = {{A Library for Synchronous Control Systems in Modelica}},
  Author                   = {Martin Otter AND Bernhard Thiele AND Hilding Elmqvist},
  Booktitle                = {$9^{\mathrm{th}}$ Int. Modelica Conference},
  Year                     = {2012},
  Address                  = {Munich, Germany},
  Editor                   = {Martin Otter AND Dirk Zimmer},
  Month                    = sep,
  Doi                      = {10.3384/ecp1207627},
  Owner                    = {BTH},
  Timestamp                = {2012.11.05}
}

@InProceedings{Worschech2012,
  Title                    = {{A Toolchain for Real-Time Simulation using the OpenModelica Compiler}},
  Author                   = {Niklas Worschech AND Lars Mikelsons},
  Booktitle                = {$9^{\mathrm{th}}$ Int. Modelica Conference},
  Year                     = {2012},
  Address                  = {Munich, Germany},
  Editor                   = {Martin Otter AND Dirk Zimmer},
  Month                    = sep,
  Doi                      = {10.3384/ecp12076839},
  Owner                    = {BTH},
  Timestamp                = {2016.03.05}
}

@Misc{arduino:2016,
  Title                    = {The arduino webpage},
  HowPublished             = {www.arduino.cc}
}

